@MastersThesis{jirasek,
	author = {Jirásek, Matěj Kašpar},
	title = {Možnosti a limity webové typografie},
	school = {Masarykova Univerzita. Fakulta informatiky},
	year = {2015},
    address = {Brno},
	type = {Bakalářská práce},
}

@MastersThesis{vasilova,
	author = {Vasilová, Andrea},
	title = {Moderní česká typografie: porovnání písma Comenia Script a tiskového písma},
	school = {Univerzita Karlova. Filozofická fakulta. Ústav informačních studií a knihovnictví. Informační studia a knihovnictví},
	year = {2021},
    address = {Příbram},
	type = {Bakalářská práce},
}

@InBook{bringhurst,
	author = {Bringhurst, Robert},
	title = {The Elements of Typographic Style},
	chapter = {Foreword},
	publisher = {Hartley \& Marks},
	address = {Vancouver},
	year = {1992},
	edition = {2},
	pages = {9},
	ISBN = {0-88179-033-8},
}

@proceedings{knytl,
  author = {Knytl, Martin a Špráchalová, Lucie},
  title = {Typografie \& odborný text: průvodce pro zpracování nejen závěrečných prací},
  pages = {10},
  publisher = {Gaudeamus},
  venue = {Hradec Králové},
  year = {2020},
  ISBN = {ISBN 978-80-7435-813-5}
}

@Misc{pilka,
	author = {Pilka, Lukáš},
	title = {Jaký má písmo charakter: Vliv typografie na vnímání zpráv},
	howpublished = {[online]},
	year = {05. 03. 2019},
	note = {[vid. 2023-04-17]},
	url = {https://www.blueghost.cz/clanek/jaky-ma-pismo-charakter-vliv-typografie-na-vnimani-zprav-1/},
}

@Misc{janak,
	author = {Janák, Robert},
	title = {Typografie a sazba na webu},
	howpublished = {[online]},
	year = {16. 02. 2006},
	note = {[vid. 2023-04-17]},
	url = {https://www.interval.cz/clanky/typografie-a-sazba-na-webu/},
}

@Misc{gondar,
	author = {Gondar, Pavel},
	title = {Význam typografie v designu (zdroje návrhu)},
	howpublished = {[online]},
	note = {[vid. 2023-04-17]},
	url = {https://www.creativosonline.org/cs/v%C3%BDznam-typografie-v-prost%C5%99edc%C3%ADch-n%C3%A1vrhu-designu.html},
}

@Article{indra,
	author = {Kupferschmid, Indra},
	title = {The Essentials of Web Typography},
	journal = {Print},
	publisher = {F+W Media},
	volume = {69},
	issue = {1},
	pages = {64\,--\,91},
	year = {February 2015},
	ISSN = {0032-8510},
}